@article{farneback2003,
  title={Two-frame motion estimation based on polynomial expansion},
  author={Farneb{\"a}ck, Gunnar},
  journal={Image analysis},
  pages={363--370},
  year={2003},
  publisher={Springer}
}
